@Online{populationdata,
	author = {{United Nations, Department of Economic and Social Affairs, Population Division}},
	title  = {},
	url    = {https://population.un.org/wpp/},
	urldate= {2020-03-08}
}

@Online{tedtalk,
	author = {Zeynep Tufekci},
	title  = {We're building a dystopia just to make people click on ads},
	url    = {https://www.ted.com/talks/zeynep_tufekci_we_re_building_a_dystopia_just_to_make_people_click_on_ads},
	urldate= {2020-03-08}
}

@Online{maps,
	author = {{Google}},
	title  = {},
	url    = {https://www.google.com/maps},
	urldate= {2020-03-08}
}

@Online{uber,
	author = {{Uber}},
	title  = {},
	url    = {https://www.uber.com/},
	urldate= {2020-03-08}
}

@Online{pokemon,
	author = {{Niantic, The Pok√©mon Company, Nintendo}},
	title  = {},
	url    = {https://pokemongolive.com/en/},
	urldate= {2020-03-08}
}

@Online{desfontaines,
  author = {Damien Desfontaines},
  title  = {Local vs. global differential privacy},
  url    = {https://desfontain.es/privacy/local-global-differential-privacy.html},
  urldate= {2020-03-08}
}

@Online{android1,
  author = {Statista},
  title  = {Mobile OS market share 2019},
  url    = {https://www.statista.com/statistics/272698/global-market-share-held-by-mobile-operating-systems-since-2009/},
  urldate= {2020-03-08}
}

@Online{android2,
  author = {Statcounter},
  title  = {Mobile OS market share 2019},
  url    = {https://gs.statcounter.com/os-market-share/mobile/worldwide},
  urldate= {2020-03-08}
}

@Online{node,
  author = {{Node.js Foundation}},
  title  = {Node.js, a JavaScript runtime},
  url    = {https://nodejs.org/en/},
  urldate= {2020-03-08}
}

@Online{mongo,
  author = {{MongoDB Inc.}},
  title  = {MongoDB Atlas},
  url    = {https://www.mongodb.com/cloud/atlas},
  urldate= {2020-03-08}
}

@Online{detectedactivity,
  author = {{Google Developers}},
  title  = {DetectedActivity | Google APIs for Android},
  url    = {https://developers.google.com/android/reference/com/google/android/gms/location/DetectedActivity.html},
  urldate= {2020-03-08}
}

@Online{room,
  author = {{Android Developers}},
  title  = {Room Persistence Library},
  url   = {https://developer.android.com/topic/libraries/architecture/room},
  urldate= {2020-03-08}
}

@Online{android3,
  author = {{Android Developers}},
  title  = {Android Version Distribution},
  url   = {https://developer.android.com/about/dashboards},
  urldate= {2020-03-08}
}

@Online{android4,
  author = {{Statcounter}},
  title  = {Android Version Distribution},
  url   = {https://gs.statcounter.com/android-version-market-share/mobile-tablet/worldwide},
  urldate= {2020-03-08}
}

@Online{libp2p,
  author = {{Protocol Labs}},
  title  = {libp2p, A modular network stack},
  url   = {https://libp2p.io/},
  urldate= {2020-03-08}
}

@Online{pushy,
  author = {{Pushy}},
  title  = {Pushy, A push notification service},
  url   = {https://pushy.me/},
  urldate= {2020-03-08}
}

@Online{mqtt,
  author = {Andy Stanford-Clark and Arlen Nipper},
  title  = {MQTT, A lightweight messaging protocol},
  url   = {http://mqtt.org/},
  urldate= {2020-03-08}
}

@Online{express,
  author = {{Node.js Foundation}},
  title  = {Express - Node.js web application framework},
  url   = {https://expressjs.com/},
  urldate= {2020-03-08}
}

@Online{postman,
  author = {{Postman}},
  title  = {Postman | API Development Environment},
  url    = {https://www.postman.com/},
  urldate= {2020-03-08}
}


@Online{matrix,
  author = {{The Matrix.org Foundation}},
  title  = {matrix, An open network for secure, decentralized communication},
  url   = {https://matrix.org/},
  urldate= {2020-03-08}
}

@Online{dwork,
    author = {{Institute for Advanced Study}},
    title  = {The Definition of Differential Privacy - Cynthia Dwork},
    year  = {2016},
    month = {11},
    url   = {https://www.youtube.com/watch?v=lg-VhHlztqo},
    urldate= {2020-03-08}
}

@Online{results,
    author = {{Le Khanh Duy Dinh}},
    title  = {Results of testing},
    url   =  {https://github.com/chickenduy/locationServer/tree/master/results},
    urldate= {2020-03-08}
}

@Online{readme,
    author = {{Le Khanh Duy Dinh}},
    title  = {Instructions to run server locally or on IBM Cloud},
    url   =  {https://github.com/chickenduy/locationServer/blob/master/README.md},
    urldate= {2020-03-08}
}

