@article{populationfacts,
  author    = {{United Nations, Department of Economic and Social Affairs, Population Division}},
  title     = {World Population Prospects 2019: Highlights},
  year      = {2019},
  month     = {06},
  note      = {ST/ESA/SER.A/423}
}

@article{growth,
    author = {Mulligan, Gordon and Jason Crampton},
    year = {2005},
    month = {10},
    pages = {365-380},
    title = {Population Growth in the World's Largest Cities},
    volume = {22},
    journal = {Cities},
    doi = {10.1016/j.cities.2005.07.001}
}

@article{exposed,
    author = {Dwork, Cynthia and Smith, Adam and Steinke, Thomas and Ullman, Jonathan},
    year = {2017},
    month = {03},
    pages = {},
    title = {Exposed! A Survey of Attacks on Private Data},
    volume = {4},
    journal = {Annual Review of Statistics and Its Application},
    doi = {10.1146/annurev-statistics-060116-054123}
}

@article{singapore,
    author = {{Personal Data Protection Commission Singapore}},
    year = {2018},
    month = {01},
    title = {Guide to Basic Data Anonymisation Techniques},
}

@article{dna,
    author = {Homer, Nils and Szelinger, Szabolcs and Redman, Margot and Duggan, David and Tembe, Waibhav and Muehling, Jill and Pearson, John and Stephan, Dietrich and Nelson, Stanley and Craig, David},
    year = {2008},
    month = {09},
    pages = {e1000167},
    title = {Resolving Individuals Contributing Trace Amounts of DNA to Highly Complex Mixtures Using High-Density SNP Genotyping Microarrays},
    volume = {4},
    journal = {PLoS genetics},
    doi = {10.1371/journal.pgen.1000167}
}

@article{reidentification,
    author = {Khaled Emam and Elizabeth Jonker and Luk Arbuckle and Bradley Malin},
    year = {2011},
    month = {12},
    pages = {e28071},
    title = {A Systematic Review of Re-Identification Attacks on Health Data},
    volume = {6},
    journal = {PloS one},
    doi = {10.1371/journal.pone.0028071}
}

@inproceedings{inproceedings,
author = {Willi Klösgen},
year = {1995},
month = {01},
pages = {186-191},
title = {Anonymization Techniques for Knowledge Discovery in Databases.}
}

@article{newyorktimes,
 author  = {Matthew Rosenberg and Gabriel J. X. Dance},
 date    = {2018-04-08},
 title   = {‘You Are the Product’: Targeted by Cambridge Analytica on Facebook},
 journal = {The New York Times},
 url     = {https://www.nytimes.com/2018/04/08/us/facebook-users-data-harvested-cambridge-analytica.html},
 urldate = {2020-03-08}
}

@article{arstechnica,
    author  = {Cyrus Farivar},
    date    = {2018-09-04},
    title   = {Steve Wozniak drops Facebook: “The profits are all based on the user’s info”},
    url     = {https://arstechnica.com/tech-policy/2018/04/steve-wozniak-leaves-facebook-the-profits-are-all-based-on-the-users-info},
    urldate = {2020-03-08}
}

@thesis{simon,
  author       = {Simon van Endern}, 
  title        = {Crowdsourcing mobility data with privacy preservation through decentralized collection and analysis},
  school       = {Technische Universität München},
  address      = {Boltzmannstraße 3, 85748 Garching bei München},
  year         = {2019},
  month        = {08},
}

@article{DBLP:journals/ijufks/Sweene02,
  author    = {Latanya Sweeney},
  title     = {k-Anonymity: {A} Model for Protecting Privacy},
  journal   = {International Journal of Uncertainty, Fuzziness and Knowledge-Based
               Systems},
  volume    = {10},
  number    = {5},
  pages     = {557--570},
  year      = {2002},
  url       = {https://doi.org/10.1142/S0218488502001648},
  doi       = {10.1142/S0218488502001648},
  timestamp = {Sun, 02 Jun 2019 21:01:22 +0200},
  biburl    = {https://dblp.org/rec/journals/ijufks/Sweene02.bib},
  bibsource = {dblp computer science bibliography, https://dblp.org}
}

@article{lawreview,
    author = {Jeffrey A. Meldman},
    year = {2020},
    month = {03},
    pages = {},
    title = {Centralized Information Systems and the Legal Right to Privacy},
    journal = {Marquette Law Review}
}

@article{DBLP:journals/pervasive/HohGXA06,
  author    = {Baik Hoh and
               Marco Gruteser and
               Hui Xiong and
               Ansaf Alrabady},
  title     = {Enhancing Security and Privacy in Traffic-Monitoring Systems},
  journal   = {{IEEE} Pervasive Computing},
  volume    = {5},
  number    = {4},
  pages     = {38--46},
  year      = {2006},
  url       = {https://doi.org/10.1109/MPRV.2006.69},
  doi       = {10.1109/MPRV.2006.69},
  timestamp = {Sun, 02 Jun 2019 20:56:06 +0200},
  biburl    = {https://dblp.org/rec/journals/pervasive/HohGXA06.bib},
  bibsource = {dblp computer science bibliography, https://dblp.org}
}

@article{riskbasedsecurity,
 author  = {{RiskBased Security}},
 date    = {2019-11-14},
 title   = {Data Breach QuickView Report 2019 Q3 trends}
}

@article{DBLP:journals/sigkdd/Stolpe16,
  author    = {Marco Stolpe},
  title     = {The Internet of Things: Opportunities and Challenges for Distributed
               Data Analysis},
  journal   = {{SIGKDD} Explorations},
  volume    = {18},
  number    = {1},
  pages     = {15--34},
  year      = {2016},
  url       = {https://doi.org/10.1145/2980765.2980768},
  doi       = {10.1145/2980765.2980768},
  timestamp = {Tue, 06 Nov 2018 12:51:58 +0100},
  biburl    = {https://dblp.org/rec/journals/sigkdd/Stolpe16.bib},
  bibsource = {dblp computer science bibliography, https://dblp.org}
}

@inproceedings{DBLP:conf/icalp/Dwork06,
  author    = {Cynthia Dwork},
  editor    = {Michele Bugliesi and
               Bart Preneel and
               Vladimiro Sassone and
               Ingo Wegener},
  title     = {Differential Privacy},
  booktitle = {Automata, Languages and Programming, 33rd International Colloquium,
               {ICALP} 2006, Venice, Italy, July 10-14, 2006, Proceedings, Part {II}},
  series    = {Lecture Notes in Computer Science},
  volume    = {4052},
  pages     = {1--12},
  publisher = {Springer},
  year      = {2006},
  url       = {https://doi.org/10.1007/11787006\_1},
  doi       = {10.1007/11787006\_1},
  timestamp = {Tue, 14 May 2019 10:00:44 +0200},
  biburl    = {https://dblp.org/rec/conf/icalp/Dwork06.bib},
  bibsource = {dblp computer science bibliography, https://dblp.org}
}

@book{distributed,
    author = {Baran, Paul},
    year = {1964},
    month = {01},
    pages = {},
    title = {On Distributed Communications: I. Introduction to Distributed Communications Networks},
    doi = {10.7249/RM3420}
}

@article{DBLP:journals/fttcs/DworkR14,
  author    = {Cynthia Dwork and
               Aaron Roth},
  title     = {The Algorithmic Foundations of Differential Privacy},
  journal   = {Foundations and Trends in Theoretical Computer Science},
  volume    = {9},
  number    = {3-4},
  pages     = {211--407},
  year      = {2014},
  url       = {https://doi.org/10.1561/0400000042},
  doi       = {10.1561/0400000042},
  timestamp = {Tue, 08 Oct 2019 14:34:24 +0200},
  biburl    = {https://dblp.org/rec/journals/fttcs/DworkR14.bib},
  bibsource = {dblp computer science bibliography, https://dblp.org}
}

@inproceedings{DBLP:conf/pervasive/Krumm07,
  author    = {John Krumm},
  editor    = {Anthony LaMarca and
               Marc Langheinrich and
               Khai N. Truong},
  title     = {Inference Attacks on Location Tracks},
  booktitle = {Pervasive Computing, 5th International Conference, {PERVASIVE} 2007,
               Toronto, Canada, May 13-16, 2007, Proceedings},
  series    = {Lecture Notes in Computer Science},
  volume    = {4480},
  pages     = {127--143},
  publisher = {Springer},
  year      = {2007},
  url       = {https://doi.org/10.1007/978-3-540-72037-9\_8},
  doi       = {10.1007/978-3-540-72037-9\_8},
  timestamp = {Tue, 14 May 2019 10:00:36 +0200},
  biburl    = {https://dblp.org/rec/conf/pervasive/Krumm07.bib},
  bibsource = {dblp computer science bibliography, https://dblp.org}
}

@article{DBLP:journals/corr/abs-1901-00897,
  author    = {Kostas Drakonakis and
               Panagiotis Ilia and
               Sotiris Ioannidis and
               Jason Polakis},
  title     = {Please Forget Where {I} Was Last Summer: The Privacy Risks of Public
               Location (Meta)Data},
  journal   = {CoRR},
  volume    = {abs/1901.00897},
  year      = {2019},
  url       = {http://arxiv.org/abs/1901.00897},
  archivePrefix = {arXiv},
  eprint    = {1901.00897},
  timestamp = {Thu, 31 Jan 2019 13:52:49 +0100},
  biburl    = {https://dblp.org/rec/journals/corr/abs-1901-00897.bib},
  bibsource = {dblp computer science bibliography, https://dblp.org}
}

@inproceedings{DBLP:conf/pervasive/GolleP09,
  author    = {Philippe Golle and
               Kurt Partridge},
  editor    = {Hideyuki Tokuda and
               Michael Beigl and
               Adrian Friday and
               A. J. Bernheim Brush and
               Yoshito Tobe},
  title     = {On the Anonymity of Home/Work Location Pairs},
  booktitle = {Pervasive Computing, 7th International Conference, Pervasive 2009,
               Nara, Japan, May 11-14, 2009. Proceedings},
  series    = {Lecture Notes in Computer Science},
  volume    = {5538},
  pages     = {390--397},
  publisher = {Springer},
  year      = {2009},
  url       = {https://doi.org/10.1007/978-3-642-01516-8\_26},
  doi       = {10.1007/978-3-642-01516-8\_26},
  timestamp = {Tue, 14 May 2019 10:00:36 +0200},
  biburl    = {https://dblp.org/rec/conf/pervasive/GolleP09.bib},
  bibsource = {dblp computer science bibliography, https://dblp.org}
}

@book{DBLP:books/daglib/0006297,
  author    = {Craig Hunt},
  title     = {{TCP/IP} network administration - help for Unix system administrators
               {(3.} ed.)},
  publisher = {O'Reilly},
  year      = {2002},
  isbn      = {978-0-596-00297-8},
  timestamp = {Thu, 07 Apr 2011 16:15:59 +0200},
  biburl    = {https://dblp.org/rec/books/daglib/0006297.bib},
  bibsource = {dblp computer science bibliography, https://dblp.org}
}

@techreport{bitcoin,
  author = {Nakamoto, Satoshi},
  year = {2009},
  month = {03},
  pages = {},
  title = {Bitcoin: A Peer-to-Peer Electronic Cash System},
  journal = {Cryptography Mailing list at https://metzdowd.com}
}

@techreport{DBLP:journals/corr/Benet14,
  author    = {Juan Benet},
  title     = {{IPFS} - Content Addressed, Versioned, {P2P} File System},
  journal   = {CoRR},
  volume    = {abs/1407.3561},
  year      = {2014},
  url       = {http://arxiv.org/abs/1407.3561},
  archivePrefix = {arXiv},
  eprint    = {1407.3561},
  timestamp = {Mon, 13 Aug 2018 16:47:09 +0200},
  biburl    = {https://dblp.org/rec/journals/corr/Benet14.bib},
  bibsource = {dblp computer science bibliography, https://dblp.org}
}

@techreport{ethereum,
  author    = {Vitalik Buterin},
  title     = {A Next Generation Smart Contract \& Decentralized Application Platform},
  year      = {2013},
  url       = {https://cryptorating.eu/whitepapers/Ethereum/Ethereum_white_paper.pdf},
  urldate   = {2020-03-08}
}

@article{DBLP:journals/corr/abs-1812-02428,
  author    = {Sai Sri Sathya and
               Praneeth Vepakomma and
               Ramesh Raskar and
               Ranjan Ramachandra and
               Santanu Bhattacharya},
  title     = {A Review of Homomorphic Encryption Libraries for Secure Computation},
  journal   = {CoRR},
  volume    = {abs/1812.02428},
  year      = {2018},
  url       = {http://arxiv.org/abs/1812.02428},
  archivePrefix = {arXiv},
  eprint    = {1812.02428},
  timestamp = {Tue, 01 Jan 2019 15:01:25 +0100},
  biburl    = {https://dblp.org/rec/journals/corr/abs-1812-02428.bib},
  bibsource = {dblp computer science bibliography, https://dblp.org}
}

@article{samarati,
    author = {Pierangela Samarati and Latanya Sweeney},
    year = {1998},
    month = {08},
    pages = {},
    title = {Protecting Privacy when Disclosing Information: k-Anonymity and Its Enforcement through Generalization and Suppression}
}

@article{erlingsson_2014,
    author  = {Úlfar Erlingsson}, 
    year    = {2014}, 
    month   = {08},
    title   = {Learning Statistics with Privacy, aided by the Flip of a Coin },
    url     = {https://ai.googleblog.com/2014/10/learning-statistics-with-privacy-aided.html},
    urldate = {2020-03-08}
}

@article{apple,
    author={{Differential Privacy Team}}, 
    year={2017}, 
    month={12},
    volume={1},
    issue={8},
    title={Learning with Privacy at Scale}, 
    publisher={Apple},
    journal={Machine Learning Journal},
    url={https://machinelearning.apple.com/2017/12/06/learning-with-privacy-at-scale.html}
}

@article{DBLP:journals/tods/ChowMA09,
  author    = {Chi{-}Yin Chow and
               Mohamed F. Mokbel and
               Walid G. Aref},
  title     = {Casper*: Query processing for location services without compromising
               privacy},
  journal   = {{ACM} Trans. Database Syst.},
  volume    = {34},
  number    = {4},
  pages     = {24:1--24:48},
  year      = {2009},
  url       = {https://doi.org/10.1145/1620585.1620591},
  doi       = {10.1145/1620585.1620591},
  timestamp = {Sun, 02 Jun 2019 21:02:04 +0200},
  biburl    = {https://dblp.org/rec/journals/tods/ChowMA09.bib},
  bibsource = {dblp computer science bibliography, https://dblp.org}
}



@inproceedings{DBLP:conf/ssd/TanLM09,
  author    = {Kar Way Tan and
               Yimin Lin and
               Kyriakos Mouratidis},
  editor    = {Nikos Mamoulis and
               Thomas Seidl and
               Torben Bach Pedersen and
               Kristian Torp and
               Ira Assent},
  title     = {Spatial Cloaking Revisited: Distinguishing Information Leakage from
               Anonymity},
  booktitle = {Advances in Spatial and Temporal Databases, 11th International Symposium,
               {SSTD} 2009, Aalborg, Denmark, July 8-10, 2009, Proceedings},
  series    = {Lecture Notes in Computer Science},
  volume    = {5644},
  pages     = {117--134},
  publisher = {Springer},
  year      = {2009},
  url       = {https://doi.org/10.1007/978-3-642-02982-0\_10},
  doi       = {10.1007/978-3-642-02982-0\_10},
  timestamp = {Sat, 19 Oct 2019 20:17:05 +0200},
  biburl    = {https://dblp.org/rec/conf/ssd/TanLM09.bib},
  bibsource = {dblp computer science bibliography, https://dblp.org}
}



@inproceedings{DBLP:conf/pet/ChengZBP06,
  author    = {Reynold Cheng and
               Yu Zhang and
               Elisa Bertino and
               Sunil Prabhakar},
  editor    = {George Danezis and
               Philippe Golle},
  title     = {Preserving User Location Privacy in Mobile Data Management Infrastructures},
  booktitle = {Privacy Enhancing Technologies, 6th International Workshop, {PET}
               2006, Cambridge, UK, June 28-30, 2006, Revised Selected Papers},
  series    = {Lecture Notes in Computer Science},
  volume    = {4258},
  pages     = {393--412},
  publisher = {Springer},
  year      = {2006},
  url       = {https://doi.org/10.1007/11957454\_23},
  doi       = {10.1007/11957454\_23},
  timestamp = {Tue, 14 May 2019 10:00:38 +0200},
  biburl    = {https://dblp.org/rec/conf/pet/ChengZBP06.bib},
  bibsource = {dblp computer science bibliography, https://dblp.org}
}



@inproceedings{DBLP:conf/socialcom/UmKC10,
  author    = {Jung{-}Ho Um and
               Hee{-}Dae Kim and
               Jae{-}Woo Chang},
  editor    = {Ahmed K. Elmagarmid and
               Divyakant Agrawal},
  title     = {An Advanced Cloaking Algorithm Using Hilbert Curves for Anonymous
               Location Based Service},
  booktitle = {Proceedings of the 2010 {IEEE} Second International Conference on
               Social Computing, SocialCom / {IEEE} International Conference on Privacy,
               Security, Risk and Trust, {PASSAT} 2010, Minneapolis, Minnesota, USA,
               August 20-22, 2010},
  pages     = {1093--1098},
  publisher = {{IEEE} Computer Society},
  year      = {2010},
  url       = {https://doi.org/10.1109/SocialCom.2010.162},
  doi       = {10.1109/SocialCom.2010.162},
  timestamp = {Wed, 16 Oct 2019 14:14:50 +0200},
  biburl    = {https://dblp.org/rec/conf/socialcom/UmKC10.bib},
  bibsource = {dblp computer science bibliography, https://dblp.org}
}



@article{DBLP:journals/is/GhinitaZPK10,
  author    = {Gabriel Ghinita and
               Keliang Zhao and
               Dimitris Papadias and
               Panos Kalnis},
  title     = {A reciprocal framework for spatial K-anonymity},
  journal   = {Inf. Syst.},
  volume    = {35},
  number    = {3},
  pages     = {299--314},
  year      = {2010},
  url       = {https://doi.org/10.1016/j.is.2009.10.001},
  doi       = {10.1016/j.is.2009.10.001},
  timestamp = {Tue, 06 Jun 2017 22:21:58 +0200},
  biburl    = {https://dblp.org/rec/journals/is/GhinitaZPK10.bib},
  bibsource = {dblp computer science bibliography, https://dblp.org}
}



@article{DBLP:journals/sigkdd/Gkoulalas-DivanisKV10,
  author    = {Aris Gkoulalas{-}Divanis and
               Panos Kalnis and
               Vassilios S. Verykios},
  title     = {Providing K-Anonymity in location based services},
  journal   = {{SIGKDD} Explorations},
  volume    = {12},
  number    = {1},
  pages     = {3--10},
  year      = {2010},
  url       = {https://doi.org/10.1145/1882471.1882473},
  doi       = {10.1145/1882471.1882473},
  timestamp = {Tue, 06 Nov 2018 12:51:58 +0100},
  biburl    = {https://dblp.org/rec/journals/sigkdd/Gkoulalas-DivanisKV10.bib},
  bibsource = {dblp computer science bibliography, https://dblp.org}
}



@article{DBLP:journals/access/PouryazdanKSFS17,
  author    = {Maryam Pouryazdan and
               Burak Kantarci and
               Tolga Soyata and
               Luca Foschini and
               Houbing Song},
  title     = {Quantifying User Reputation Scores, Data Trustworthiness, and User
               Incentives in Mobile Crowd-Sensing},
  journal   = {{IEEE} Access},
  volume    = {5},
  pages     = {1382--1397},
  year      = {2017},
  url       = {https://doi.org/10.1109/ACCESS.2017.2660461},
  doi       = {10.1109/ACCESS.2017.2660461},
  timestamp = {Wed, 14 Nov 2018 10:24:08 +0100},
  biburl    = {https://dblp.org/rec/journals/access/PouryazdanKSFS17.bib},
  bibsource = {dblp computer science bibliography, https://dblp.org}
}

@article{inequality,
    author = {Althoff, Tim and Sosič, Rok and Hicks, Jennifer and King, Abby and Delp, Scott and Leskovec, Jure},
    year = {2017},
    month = {07},
    pages = {},
    title = {Large-scale physical activity data reveal worldwide activity inequality},
    volume = {547},
    journal = {Nature},
    doi = {10.1038/nature23018}
}



@article{DBLP:journals/midm/EmamBTNJV11,
  author    = {Khaled El Emam and
               David L. Buckeridge and
               Robyn Tamblyn and
               Angelica Neisa and
               Elizabeth Jonker and
               Aman Verma},
  title     = {The re-identification risk of Canadians from longitudinal demographics},
  journal   = {{BMC} Med. Inf. {\&} Decision Making},
  volume    = {11},
  pages     = {46},
  year      = {2011},
  url       = {https://doi.org/10.1186/1472-6947-11-46},
  doi       = {10.1186/1472-6947-11-46},
  timestamp = {Thu, 23 May 2019 15:00:57 +0200},
  biburl    = {https://dblp.org/rec/journals/midm/EmamBTNJV11.bib},
  bibsource = {dblp computer science bibliography, https://dblp.org}
}



@article{DBLP:journals/midm/DankarENR12,
  author    = {Fida Kamal Dankar and
               Khaled El Emam and
               Angelica Neisa and
               Tyson Roffey},
  title     = {Estimating the re-identification risk of clinical data sets},
  journal   = {{BMC} Med. Inf. {\&} Decision Making},
  volume    = {12},
  pages     = {66},
  year      = {2012},
  url       = {https://doi.org/10.1186/1472-6947-12-66},
  doi       = {10.1186/1472-6947-12-66},
  timestamp = {Thu, 23 May 2019 15:00:58 +0200},
  biburl    = {https://dblp.org/rec/journals/midm/DankarENR12.bib},
  bibsource = {dblp computer science bibliography, https://dblp.org}
}



@inproceedings{DBLP:conf/sp/LachariteMP18,
  author    = {Marie{-}Sarah Lacharit{\'{e}} and
               Brice Minaud and
               Kenneth G. Paterson},
  title     = {Improved Reconstruction Attacks on Encrypted Data Using Range Query
               Leakage},
  booktitle = {2018 {IEEE} Symposium on Security and Privacy, {SP} 2018, Proceedings,
               21-23 May 2018, San Francisco, California, {USA}},
  pages     = {297--314},
  publisher = {{IEEE} Computer Society},
  year      = {2018},
  url       = {https://doi.org/10.1109/SP.2018.00002},
  doi       = {10.1109/SP.2018.00002},
  timestamp = {Wed, 16 Oct 2019 14:14:51 +0200},
  biburl    = {https://dblp.org/rec/conf/sp/LachariteMP18.bib},
  bibsource = {dblp computer science bibliography, https://dblp.org}
}



@article{DBLP:journals/tpds/LiWYLZHLXD19,
  author    = {Ming Li and
               Jian Weng and
               Anjia Yang and
               Wei Lu and
               Yue Zhang and
               Lin Hou and
               Jia{-}Nan Liu and
               Yang Xiang and
               Robert H. Deng},
  title     = {CrowdBC: {A} Blockchain-Based Decentralized Framework for Crowdsourcing},
  journal   = {{IEEE} Trans. Parallel Distrib. Syst.},
  volume    = {30},
  number    = {6},
  pages     = {1251--1266},
  year      = {2019},
  url       = {https://doi.org/10.1109/TPDS.2018.2881735},
  doi       = {10.1109/TPDS.2018.2881735},
  timestamp = {Wed, 25 Sep 2019 17:53:32 +0200},
  biburl    = {https://dblp.org/rec/journals/tpds/LiWYLZHLXD19.bib},
  bibsource = {dblp computer science bibliography, https://dblp.org}
}

